@Article{Simas_2024_UnpackingtheMOVEitBreachStatisticsandAnalysis,
  author  = {Simas, Zach},
  title   = {{Unpacking the MOVEit Breach: Statistics and Analysis}},
  url     = {https://www.emsisoft.com/en/blog/44123/unpacking-the-moveit-breach-statistics-and-analysis},
  journal = {Emsisoft {$\vert$} Cybersecurity Blog},
  month   = feb,
  year    = {2024},
}

@Misc{_2024_PublicNotificationofCyberAttackonElectoralCommissionSystems,
  title = {{Public notification of cyber-attack on Electoral Commission systems}},
  note  = {[Online; accessed 19. Feb. 2024]},
  url   = {https://www.electoralcommission.org.uk/privacy-policy/public-notification-cyber-attack-electoral-commission-systems},
  month = feb,
  year  = {2024},
}

@Misc{_2024_PoliceServiceofNorthernIrelandStatementonDataBreach,
  title   = {{Police Service of Northern Ireland statement on data breach}},
  note    = {[Online; accessed 19. Feb. 2024]},
  url     = {https://www.psni.police.uk/latest-news/police-service-northern-ireland-statement-data-breach},
  journal = {PSNI},
  month   = feb,
  year    = {2024},
}

@Article{Fisher_2023_DarkBeamsAlarmingDataBreachExposes3.8BillionRecords,
  author  = {Fisher, Damien},
  title   = {{DarkBeam's Alarming Data Breach Exposes 3.8 Billion Records}},
  url     = {https://techreport.com/news/darkbeams-alarming-data-breach-exposes-3-8-billion-records},
  journal = {Tech Report},
  month   = sep,
  year    = {2023},
}

@Misc{_2024_PIIBelongingtoIndianCitizensIncludingTheirAadhaarIDsOfferedforSaleontheDarkWeb,
  title = {PII Belonging to Indian Citizens, Including their Aadhaar IDs, Offered for Sale on the Dark Web},
  note  = {[Online; accessed 19. Feb. 2024]},
  url   = {https://www.resecurity.com/blog/article/pii-belonging-to-indian-citizens-including-their-aadhaar-ids-offered-for-sale-on-the-dark-web},
  month = feb,
  year  = {2024},
}

@Article{Vicens_2023_DNATestingService23andMeInvestigatingTheftofUserData,
  author  = {Vicens, A. J.},
  title   = {{DNA testing service 23andMe investigating theft of user data}},
  url     = {https://cyberscoop.com/23andme-user-data-theft},
  journal = {CyberScoop},
  month   = oct,
  year    = {2023},
}

@Misc{_2024_GoogleCloudMitigatedLargestDDoSAttackPeakingabove398MillionRps,
  title   = {Google Cloud mitigated largest DDoS attack, peaking above 398 million rps},
  note    = {[Online; accessed 19. Feb. 2024]},
  url     = {https://cloud.google.com/blog/products/identity-security/google-cloud-mitigated-largest-ddos-attack-peaking-above-398-million-rps/?hl=en},
  journal = {Google Cloud Blog},
  month   = feb,
  year    = {2024},
}

@WWW{MRI_2023_UnitedStatesSecuritiesandExchangeCommissionForm8K,
  author = {{MGM Ressorts International}},
  date   = {2023-10-05},
  title  = {United States Securities and Exchange Commission - Form 8-K},
  note   = {[Online; accessed 19. Feb. 2024]},
  year   = {2023},
}

@Misc{_2023_TMobileConsumerSampleFebruaryMarchDataBreach,
  date  = {2023-04-08},
  title = {{T-Mobile Consumer Sample - February-March data breach}},
  note  = {[Online; accessed 19. Feb. 2024]},
  url   = {https://www.documentcloud.org/documents/23793945-t-mobile-consumer-sample-february-march-data-breach},
}

@WWW{TMobile_2023_UnitedStatesSecuritiesandExchangeCommissionForm8Ka,
  author = {T-Mobile},
  date   = {2023-01-19},
  title  = {United States Securities and Exchange Commission - Form 8-K},
  url    = {https://www.sec.gov/ixviewer/ix.html?doc=/Archives/edgar/data/0001283699/000119312523010949/d641142d8k.htm},
  note   = {[Online; accessed 19. Feb. 2024]},
  month  = jan,
  year   = {2023},
}

@Article{Muncaster_2023_ThePentagonLeaksanInsiderHorrorStoryAssured,
  author       = {Muncaster, Phil},
  date         = {2023-05},
  journaltitle = {Assured},
  title        = {{The Pentagon Leaks: An Insider Horror Story {\ifmmode\bullet\else\textbullet\fi} Assured}},
  url          = {https://assured.co.uk/2023/the-pentagon-leaks-an-insider-horror-story},
}

@Misc{_2015_DigitalAttackonGermanParliamentInvestigativeReportontheHackoftheLeftPartyInfrastructureinBundestag,
  date         = {2015-06},
  title        = {{Digital Attack on German Parliament: Investigative Report on the Hack of the Left Party Infrastructure in Bundestag}},
  note         = {[Online; accessed 12. Mar. 2024]},
  url          = {https://netzpolitik.org/2015/digital-attack-on-german-parliament-investigative-report-on-the-hack-of-the-left-party-infrastructure-in-bundestag},
  journaltitle = {Netzpolitik},
}

@Misc{_2016_WirVerooffentlichenDokumenteZumBundestagshackWieManDieAbgeordnetenImUnklarenLie,
  date         = {2016-03},
  title        = {{Wir ver{\ifmmode\ddot{o}\else\"{o}\fi}ffentlichen Dokumente zum Bundestagshack: Wie man die Abgeordneten im Unklaren lie{\ss}}},
  note         = {[Online; accessed 12. Mar. 2024]},
  url          = {https://netzpolitik.org/2016/wir-veroeffentlichen-dokumente-zum-bundestagshack-wie-man-die-abgeordneten-im-unklaren-liess},
  journaltitle = {Netzpolitik},
}

@Book{Kahn_1996_TheCodebreakers,
  author    = {Kahn, David},
  date      = {1996},
  title     = {The Codebreakers},
  edition   = {2nd ed.},
  isbn      = {9781439103555},
  location  = {New York},
  pagetotal = {11146},
  publisher = {Scribner},
  subtitle  = {The Comprehensive History of Secret Communication from Ancient Times to the Internet},
  ppn_gvk   = {1699384371},
}

@Conference{Knight_2011_TheCopialeCipher,
  author    = {Knight, Kevin and Megyesi, Beáta and Schaefer, Christiane},
  booktitle = {Proceedings of the 4th Workshop on Building and Using Comparable Corpora: Comparable Corpora and the Web},
  date      = {2011-06-24},
  title     = {The Copiale cipher},
  isbn      = {9781937284015},
  location  = {Portland, Oregon},
  pages     = {2–9},
  publisher = {Association for Computational Linguistics},
  series    = {BUCC '11},
  abstract  = {The Copiale cipher is a 105-page enciphered book dated 1866. We describe the features of the book and the method by which we deciphered it.},
  address   = {USA},
  day       = {24},
  pagetotal = {8},
}

@Book{Bauer_2000_EntzifferteGeheimnisseMethodenUndMaximenDerKryptologie3.Auflage,
  author    = {Friedrich L. Bauer},
  date      = {2000},
  title     = {Entzifferte Geheimnisse: Methoden und Maximen der Kryptologie, 3. Auflage},
  isbn      = {3-540-67931-6},
  publisher = {Springer},
  bibsource = {dblp computer science bibliography, https://dblp.org},
  biburl    = {https://dblp.org/rec/books/sp/Bauer00.bib},
}

@Book{Singh_2019_GeheimeBotschaften,
  author    = {Singh, Simon},
  date      = {2019},
  title     = {Geheime Botschaften},
  edition   = {15. Auflage},
  editor    = {Klaus Fritz},
  isbn      = {9783423330718},
  location  = {München},
  number    = {33071},
  pagetotal = {458},
  publisher = {dtv},
  series    = {dtv},
  subtitle  = {Die Kunst der Verschlüsselung von der Antike bis in die Zeiten des Internet},
  ppn_gvk   = {1669198677},
}

@Book{Schmeh_2014_CodeknackerGegenCodemacher,
  author       = {Schmeh, Klaus},
  date         = {2014},
  title        = {{Codeknacker gegen Codemacher}},
  isbn         = {978-3-658-34189-3},
  location     = {Wiesbaden, Germany},
  publisher    = {Springer Fachmedien},
  url          = {https://link.springer.com/book/10.1007/978-3-658-34189-3},
  journaltitle = {SpringerLink},
}

@Book{Kerckhoffs_2014_LaCryptographieMilitaireOuDesChiffresUsitesEnTempsDeGuerreAvecUnNouveauProcedeDeDechiffrementApplicableAuxSystemesaDoubleCle,
  author    = {Kerckhoffs, Auguste},
  date      = {2014-02},
  title     = {La cryptographie militaire, Ou, Des chiffres usites en temps de guerre: Avec Un Nouveau procede de dechiffrement applicable aux Systemes a double cle},
  language  = {en},
  location  = {Charleston, SC},
  publisher = {Nabu Press},
  abstract  = {This is a reproduction of a book published before 1923. This
               book may have occasional imperfections such as missing or
               blurred pages, poor pictures, errant marks, etc. that were
               either part of the original artifact, or were introduced by the
               scanning process. We believe this work is culturally important,
               and despite the imperfections, have elected to bring it back
               into print as part of our continuing commitment to the
               preservation of printed works worldwide. We appreciate your
               understanding of the imperfections in the preservation process,
               and hope you enjoy this valuable book.},
}

@Book{Knuth_1998_ArtofComputerProgrammingVolume2SeminumericalAlgorithms,
  author    = {Knuth, Donald Ervin},
  date      = {1998},
  title     = {Art of Computer Programming, Volume 2 Seminumerical Algorithms},
  isbn      = {9780133488791},
  publisher = {Pearson Education, Limited},
  subtitle  = {Seminumerical Algorithms},
}

@Article{Reeds_1977_“Cracking”aRandomNumberGenerator,
  author       = {Reeds, James},
  date         = {1977-01},
  journaltitle = {Cryptologia},
  title        = {“Cracking” a Random Number Generator},
  doi          = {10.1080/0161-117791832760},
  issn         = {1558-1586},
  number       = {1},
  pages        = {20--26},
  volume       = {1},
  publisher    = {Informa UK Limited},
}

@Article{Matsumoto_1998_MersenneTwistera623DimensionallyEquidistributedUniformPseudoRandomNumberGenerator,
  author       = {Matsumoto, Makoto and Nishimura, Takuji},
  date         = {1998-01},
  journaltitle = {ACM Transactions on Modeling and Computer Simulation},
  title        = {Mersenne twister: a 623-dimensionally equidistributed uniform pseudo-random number generator},
  doi          = {10.1145/272991.272995},
  issn         = {1558-1195},
  number       = {1},
  pages        = {3--30},
  volume       = {8},
  publisher    = {Association for Computing Machinery (ACM)},
}

@Article{Blum_1986_ASimpleUnpredictablePseudoRandomNumberGenerator,
  author       = {Blum, L. and Blum, M. and Shub, M.},
  date         = {1986-05},
  journaltitle = {SIAM Journal on Computing},
  title        = {A Simple Unpredictable Pseudo-Random Number Generator},
  doi          = {10.1137/0215025},
  issn         = {1095-7111},
  number       = {2},
  pages        = {364--383},
  volume       = {15},
  publisher    = {Society for Industrial & Applied Mathematics (SIAM)},
}

@InBook{Kelsey_2000_Yarrow160NotesontheDesignandAnalysisoftheYarrowCryptographicPseudorandomNumberGenerator,
  author    = {Kelsey, John and Schneier, Bruce and Ferguson, Niels},
  booktitle = {Lecture Notes in Computer Science},
  date      = {2000},
  title     = {Yarrow-160: Notes on the Design and Analysis of the Yarrow Cryptographic Pseudorandom Number Generator},
  doi       = {10.1007/3-540-46513-8_2},
  isbn      = {9783540465133},
  pages     = {13--33},
  publisher = {Springer Berlin Heidelberg},
  issn      = {0302-9743},
}

@Book{Ferguson_2003_PracticalCryptography,
  author    = {Ferguson, Niels and Schneier, Bruce},
  date      = {2003},
  title     = {Practical Cryptography},
  isbn      = {047122894X},
  location  = {Indianapolis, Ind.},
  note      = {Literaturverz. S. 387-395},
  number    = {Practical cryptography},
  pagetotal = {410},
  publisher = {Wiley},
  subtitle  = {Bruce},
  ppn_gvk   = {551129018},
}

@Book{Menezes_2001_HandbookofAppliedCryptography,
  author    = {Menezes, Alfred J. and Oorschot, Paul C. and Vanstone, Scott A.},
  date      = {2001},
  title     = {Handbook of applied cryptography},
  edition   = {Rev. repr. with updates, [5. print.]},
  isbn      = {0849385237},
  location  = {Boca Raton, Fla. [u.a.]},
  pagetotal = {780},
  publisher = {CRC Press},
  series    = {Discrete mathematics and its applications},
  ppn_gvk   = {1619299860},
}

@Article{Park_1988_RandomNumberGeneratorsGoodOnesAreHardtoFind,
  author       = {Park, S. K. and Miller, K. W.},
  date         = {1988-10},
  journaltitle = {Communications of the ACM},
  title        = {Random number generators: good ones are hard to find},
  doi          = {10.1145/63039.63042},
  issn         = {1557-7317},
  number       = {10},
  pages        = {1192--1201},
  volume       = {31},
  publisher    = {Association for Computing Machinery (ACM)},
}

@InBook{Knudsen_2005_PreimageandCollisionAttacksonMD2,
  author    = {Knudsen, Lars R. and Mathiassen, John E.},
  booktitle = {Lecture Notes in Computer Science},
  date      = {2005},
  title     = {Preimage and Collision Attacks on MD2},
  doi       = {10.1007/11502760_17},
  isbn      = {9783540316695},
  pages     = {255--267},
  publisher = {Springer Berlin Heidelberg},
  issn      = {1611-3349},
}

@InBook{Leurent_2008_MD4IsNotOneWay,
  author    = {Leurent, Gaëtan},
  booktitle = {Lecture Notes in Computer Science},
  date      = {2008},
  title     = {MD4 is Not One-Way},
  doi       = {10.1007/978-3-540-71039-4_26},
  isbn      = {9783540710394},
  pages     = {412--428},
  publisher = {Springer Berlin Heidelberg},
  issn      = {1611-3349},
}

@Article{Wang_2004_CollisionsforHashFunctionsMD4MD5HAVAL128andRIPEMD,
  author       = {Xiaoyun Wang and Dengguo Feng and Xuejia Lai and Hongbo Yu},
  date         = {2004},
  journaltitle = {{IACR} Cryptol. ePrint Arch.},
  title        = {Collisions for Hash Functions MD4, MD5, {HAVAL-128} and {RIPEMD}},
  pages        = {199},
  url          = {http://eprint.iacr.org/2004/199},
  bibsource    = {dblp computer science bibliography, https://dblp.org},
  biburl       = {https://dblp.org/rec/journals/iacr/WangFLY04.bib},
}

@InProceedings{Stevens_2016_FreestartCollisionforFullSHA1,
  author    = {Marc Stevens and Pierre Karpman and Thomas Peyrin},
  booktitle = {Advances in Cryptology - {EUROCRYPT} 2016 - 35th Annual International Conference on the Theory and Applications of Cryptographic Techniques, Vienna, Austria, May 8-12, 2016, Proceedings, Part {I}},
  date      = {2016},
  title     = {Freestart Collision for Full {SHA-1}},
  doi       = {10.1007/978-3-662-49890-3\_{1}{8}},
  editor    = {Marc Fischlin and Jean{-}S{\'{e}}bastien Coron},
  pages     = {459--483},
  publisher = {Springer},
  series    = {Lecture Notes in Computer Science},
  url       = {https://doi.org/10.1007/978-3-662-49890-3_18},
  volume    = {9665},
  bibsource = {dblp computer science bibliography, https://dblp.org},
  biburl    = {https://dblp.org/rec/conf/eurocrypt/StevensKP16.bib},
}

@InProceedings{Provos_1999_AFutureAdaptablePasswordScheme,
  author    = {Niels Provos and David Mazi{\`{e}}res},
  booktitle = {Proceedings of the {FREENIX} Track: 1999 {USENIX} Annual Technical Conference, June 6-11, 1999, Monterey, California, {USA}},
  date      = {1999},
  title     = {A Future-Adaptable Password Scheme},
  pages     = {81--91},
  publisher = {{USENIX}},
  url       = {http://www.usenix.org/events/usenix99/provos.html},
  bibsource = {dblp computer science bibliography, https://dblp.org},
  biburl    = {https://dblp.org/rec/conf/usenix/ProvosM99.bib},
}

@Article{Burrows_1990_ALogicofAuthentication,
  author    = {Burrows, Michael and Abadi, Martin and Needham, Roger},
  date      = {1990-02-01},
  title     = {A logic of authentication},
  doi       = {10.1145/77648.77649},
  pages     = {18–36},
  url       = {https://doi.org/10.1145/77648.77649},
  abstract  = {Authentication protocols are the basis of security in many distributed systems, and it is therefore essential to ensure that these protocols function correctly. Unfortunately, their design has been extremely error prone. Most of the protocols found in the literature contain redundancies or security flaws. A simple logic has allowed us to describe the beliefs of trustworthy parties involved in authentication protocols and the evolution of these beliefs as a consequence of communication. We have been able to explain a variety of authentication protocols formally, to discover subtleties and errors in them, and to suggest improvements. In this paper we present the logic and then give the results of our analysis of four published protocols, chosen either because of their practical importance or because they serve to illustrate our method.},
  booktitle = {ACM Trans. Comput. Syst.},
  day       = {1},
  location  = {New York, NY, USA},
  pagetotal = {19},
  publisher = {Association for Computing Machinery},
}

@Article{Needham_1978_UsingEncryptionforAuthenticationinLargeNetworksofComputers,
  author       = {Needham, Roger M. and Schroeder, Michael D.},
  date         = {1978-12},
  journaltitle = {Communications of the ACM},
  title        = {Using encryption for authentication in large networks of computers},
  doi          = {10.1145/359657.359659},
  issn         = {1557-7317},
  number       = {12},
  pages        = {993--999},
  volume       = {21},
  publisher    = {Association for Computing Machinery (ACM)},
}

@InProceedings{Steiner_1988_KerberosanAuthenticationServiceforOpenNetworkSystems,
  author    = {Jennifer G. Steiner and B. Clifford Neuman and Jeffrey I. Schiller},
  booktitle = {Proceedings of the {USENIX} Winter Conference. Dallas, Texas, USA, January 1988},
  date      = {1988},
  title     = {Kerberos: An Authentication Service for Open Network Systems},
  pages     = {191--202},
  publisher = {{USENIX} Association},
  bibsource = {dblp computer science bibliography, https://dblp.org},
  biburl    = {https://dblp.org/rec/conf/usenix/SteinerNS88.bib},
}

@Book{Long_2008_NoTechHacking,
  author    = {Long, Johnny},
  date      = {2008},
  title     = {No Tech Hacking},
  editor    = {Mitnick, Kevin D.},
  isbn      = {1597492159},
  location  = {Rockland, Mass.},
  note      = {Includes index},
  pagetotal = {285},
  publisher = {Syngress ;},
  subtitle  = {A Guide to Social Engineering, Dumpster Diving, and Shoulder Surfing},
  ppn_gvk   = {1680463748},
}

@Book{Stoll_2012_CuckoosEgg,
  author    = {Stoll, Clifford},
  date      = {2012},
  title     = {Cuckoo's Egg},
  isbn      = {9780307819420},
  location  = {Westminster},
  note      = {Description based on publisher supplied metadata and other sources.},
  pagetotal = {1302},
  publisher = {Knopf Doubleday Publishing Group},
  ppn_gvk   = {170247819X},
}

@Misc{Chick3nman_2022_HashcatV6.2.6BenchmarkontheNvidiaRTX4090,
  author       = {Chick3nman},
  date         = {2022},
  title        = {{Hashcat v6.2.6 benchmark on the Nvidia RTX 4090}},
  note         = {[Online; accessed 1. Apr. 2024]},
  url          = {https://gist.github.com/Chick3nman/32e662a5bb63bc4f51b847bb422222fd},
  journaltitle = {Gist},
}

@Article{Thompson_2008_HowIStoleSomeonesIdentity,
  author       = {Thompson, Herbert H.},
  date         = {2008-08-18},
  journaltitle = {Sci. Am.},
  title        = {{How I Stole Someone's Identity}},
  url          = {https://www.scientificamerican.com/article/anatomy-of-a-social-hack},
}

@Misc{Glass_2006_TheNTLMAuthenticationProtocolandSecuritySupportProvider,
  author = {Eric Glass},
  date   = {2006-09},
  title  = {{The NTLM Authentication Protocol and Security Support Provider}},
  note   = {[Online; accessed 1. Apr. 2024]},
  url    = {https://davenport.sourceforge.net/ntlm.html},
}

@Book{Wobst_2001_AbenteuerKryptologie,
  author    = {Wobst, Reinhard},
  date      = {2001},
  title     = {Abenteuer Kryptologie},
  edition   = {3},
  isbn      = {3827318157},
  location  = {München},
  note      = {Literaturverz. S. 435 - 450},
  pagetotal = {456},
  publisher = {Addison-Wesley},
  series    = {net.com - networking \& communications},
  subtitle  = {Methoden, Risiken und Nutzen der Datenverschlüsselung},
  ppn_gvk   = {329563491},
}

@Misc{Agrawal_2004_PRIMESIsinPonJSTOR,
  author       = {Agrawal, Manindra and Kayal, Neeraj and Saxena, Nitin},
  date         = {2004-09},
  title        = {{PRIMES Is in P on JSTOR}},
  note         = {[Online; accessed 8. Apr. 2024]},
  url          = {https://www.jstor.org/stable/3597229},
  journaltitle = {Ann. Of Math.},
  number       = {2},
  pages        = {781--793},
  volume       = {160},
}

@InProceedings{Asonov_2004_KeyboardAcousticEmanations,
  author    = {Asonov, D. and Agrawal, R.},
  booktitle = {IEEE Symposium on Security and Privacy, 2004. Proceedings. 2004},
  date      = {2004-05-02},
  title     = {Keyboard acoustic emanations},
  doi       = {10.1109/secpri.2004.1301311},
  publisher = {IEEE},
}

@Article{Mollin_2002_ABriefHistoryofFactoringandPrimalityTestingB.C.BeforeComputers,
  author       = {Mollin, Richard A.},
  date         = {2002-02},
  journaltitle = {Mathematics Magazine},
  title        = {A Brief History of Factoring and Primality Testing B. C. (Before Computers)},
  doi          = {10.1080/0025570x.2002.11953094},
  issn         = {1930-0980},
  number       = {1},
  pages        = {18--29},
  volume       = {75},
  publisher    = {Informa UK Limited},
}

@Book{Schneier_2002_AngewandteKryptographie,
  author    = {Schneier, Bruce},
  date      = {2002},
  title     = {Angewandte Kryptographie},
  edition   = {[Nachdr.]},
  isbn      = {3893198547},
  location  = {Bonn [u.a.]},
  pagetotal = {844},
  publisher = {Addison-Wesley},
  series    = {Informationssicherheit},
  subtitle  = {Protokolle, Algorithmen und Sourcecode in C},
  ppn_gvk   = {1628080159},
}

@InProceedings{Gras_2017_ASLRontheLinePracticalCacheAttacksontheMMU,
  author     = {Gras, Ben and Razavi, Kaveh and Bosman, Erik and Bos, Herbert and Giuffrida, Cristiano},
  booktitle  = {Proceedings 2017 Network and Distributed System Security Symposium},
  date       = {2017},
  title      = {ASLR on the Line: Practical Cache Attacks on the MMU},
  doi        = {10.14722/ndss.2017.23271},
  publisher  = {Internet Society},
  series     = {NDSS 2017},
  collection = {NDSS 2017},
}

@Book{Erickson_2006_Hacking,
  author    = {Erickson, Jon},
  date      = {2006},
  title     = {Hacking},
  edition   = {[Nachdr.]},
  isbn      = {1593270070},
  location  = {San Francisco},
  note      = {Sacherschließung aus ppn 121066640 übernommen},
  pagetotal = {241},
  publisher = {No Starch Press},
  subtitle  = {The art of exploitation},
  ppn_gvk   = {1623794048},
}

@Article{One_1996_SmashingtheStackforFunandProfit,
  author       = {One, Aleph},
  date         = {1996},
  journaltitle = {Phrack Magazine},
  title        = {{Smashing the Stack for Fun and Profit}},
  url          = {https://cir.nii.ac.jp/crid/1571417125434029312},
}

@Book{Tanenbaum_2015_ModernOperatingSystems,
  author    = {Tanenbaum, Andrew S. and Bos, Herbert},
  publisher = {Prentice Hall},
  title     = {Modern operating systems},
  edition   = {4},
  isbn      = {013359162X},
  date      = {2015},
  location  = {Boston},
  pagetotal = {1101},
}

@Misc{rfc6520,
  author       = {Michael Williams and Michael Tüxen and Robin Seggelmann},
  date         = {2012-02},
  title        = {{Transport Layer Security (TLS) and Datagram Transport Layer Security (DTLS) Heartbeat Extension}},
  doi          = {10.17487/RFC6520},
  howpublished = {RFC 6520},
  url          = {https://www.rfc-editor.org/info/rfc6520},
  abstract     = {This document describes the Heartbeat Extension for the Transport Layer Security (TLS) and Datagram Transport Layer Security (DTLS) protocols. The Heartbeat Extension provides a new protocol for TLS/DTLS allowing the usage of keep-alive functionality without performing a renegotiation and a basis for path MTU (PMTU) discovery for DTLS. {[}STANDARDS-TRACK{]}},
  number       = {6520},
  pagetotal    = {9},
  publisher    = {RFC Editor},
  series       = {Request for Comments},
}

@TechReport{West_2020_IncrementallyBetterCookies,
  author      = {Mike West},
  date        = {2020-03-15},
  institution = {Internet Engineering Task Force},
  title       = {{Incrementally Better Cookies}},
  note        = {Work in Progress},
  number      = {draft-west-cookie-incrementalism-01},
  pagetotal   = {17},
  type        = {Internet-Draft},
  url         = {https://datatracker.ietf.org/doc/draft-west-cookie-incrementalism/01/},
  abstract    = {This document proposes a few changes to cookies inspired by the properties of the HTTP State Tokens mechanism proposed in {[}I-D.west-http-state-tokens{]}. First, cookies should be treated as "SameSite=Lax" by default. Second, cookies that explicitly assert "SameSite=None" in order to enable cross-site delivery should also be marked as "Secure". Third, same-site should take the scheme of the sites into account. Fourth, cookies should respect schemes. Fifth, cookies associated with non-secure schemes should be removed at the end of a user's session. Sixth, the definition of a session should be tightened.},
  day         = {15},
  publisher   = {Internet Engineering Task Force},
}

@Article{Gupta_2015_CrossSiteScriptingXSSAbuseandDefenseExploitationonSeveralTestingBedEnvironmentsandItsDefense,
  author       = {Gupta, B. B. and Gupta, S. and Gangwar, S. and Kumar, M. and Meena, P. K.},
  date         = {2015-04},
  journaltitle = {Journal of Information Privacy and Security},
  title        = {Cross-Site Scripting (XSS) Abuse and Defense: Exploitation on Several Testing Bed Environments and Its Defense},
  doi          = {10.1080/15536548.2015.1044865},
  issn         = {2333-696X},
  number       = {2},
  pages        = {118--136},
  volume       = {11},
  publisher    = {Informa UK Limited},
}

@Article{Technologies_2020_WebApplicationsVulnerabilitiesandThreatsStatisticsfor2019,
  author       = {Technologies, Positive},
  date         = {2020-11},
  journaltitle = {Ptsecurity},
  title        = {{Web Applications vulnerabilities and threats: statistics for 2019}},
  url          = {https://www.ptsecurity.com/ww-en/analytics/web-vulnerabilities-2020},
  publisher    = {Positive Technologies},
}

@Misc{BVerfG_1969_BeschlussVom16.07.19691BvL19/63,
  author       = {BVerfG},
  title        = {Beschluss vom 16.07.1969 - 1 BvL 19/63},
  date         = {1969-07-16},
  oj_court     = {BVerfG},
  oj_doctype   = {Beschluss},
  oj_reference = {1 BvL 19/63},
  oj_title     = {Microzensus},
  url          = {https://openjur.de/u/183523.html},
}

@Misc{BGH_1958_UrteilVom14.02.1958IZR151/56,
  author       = {BGH},
  title        = {Urteil vom 14.02.1958 - I ZR 151/56},
  date         = {1958-02-14},
  oj_court     = {BGH},
  oj_doctype   = {Urteil},
  oj_reference = {I ZR 151/56},
  oj_title     = {Herrenreiter},
  url          = {https://openjur.de/u/190815.html},
}

@Misc{BVerfG_1970_BeschlussVom15.01.19701BvR13/68,
  author       = {BVerfG},
  date         = {1970-01-15},
  title        = {Beschluss vom 15.01.1970 - 1 BvR 13/68},
  url          = {https://openjur.de/u/193589.html},
  oj_court     = {BVerfG},
  oj_doctype   = {Beschluss},
  oj_reference = {1 BvR 13/68},
}

@Misc{BVerfG_1973_UrteilVom05.06.19731BvR536/72,
  author       = {BVerfG},
  date         = {1973-06-05},
  title        = {Urteil vom 05.06.1973 - 1 BvR 536/72},
  url          = {https://openjur.de/u/177284.html},
  oj_court     = {BVerfG},
  oj_doctype   = {Urteil},
  oj_reference = {1 BvR 536/72},
  oj_title     = {Lebach},
}

@Misc{BVerfG_1983_UrteilVom15.12.19831BvR209/831BvR269/831BvR362/831BvR420/831BvR440/831BvR484/83,
  author       = {BVerfG},
  date         = {1983-12-15},
  title        = {Urteil vom 15.12.1983 - 1 BvR 209/83, 1 BvR 269/83, 1 BvR 362/83, 1 BvR 420/83, 1 BvR 440/83, 1 BvR 484/83},
  url          = {https://openjur.de/u/268440.html},
  oj_court     = {BVerfG},
  oj_doctype   = {Urteil},
  oj_reference = {1 BvR 209/83, 1 BvR 269/83, 1 BvR 362/83, 1 BvR 420/83, 1 BvR 440/83, 1 BvR 484/83},
  oj_title     = {Volksz\"ahlung ("Volksz\"ahlungsurteil")},
}

@Book{Schneider_2012_TaschenbuchDerInformatik,
  date      = {2012},
  title     = {Taschenbuch der Informatik},
  edition   = {7., neu bearbeitete Auflage},
  editor    = {Uwe Schneider and Dieter Werner and Georg Disterer},
  isbn      = {9783446426382},
  location  = {München},
  note      = {Literaturverzeichnis: Seite 669-696. - mit 271 Bildern und 99 Tabellen},
  pagetotal = {736},
  publisher = {Fachbuchverlag Leipzig im Carl Hanser Verlag},
  ppn_gvk   = {1610814312},
}

@Book{Kofler_2020_Python,
  author    = {Kofler, Michael},
  date      = {2020},
  title     = {Python},
  edition   = {1. Auflage, 2. korrigierter Nachdruck},
  isbn      = {9783836266796},
  location  = {Bonn},
  pagetotal = {464},
  publisher = {Rheinwerk Computing},
  subtitle  = {Der Grundkurs},
  ppn_gvk   = {174265679X},
}

@Book{Klein_2023_NumerischesPython,
  author    = {Klein, Bernd},
  date      = {2023},
  title     = {Numerisches Python},
  edition   = {2., aktualisierte und erweiterte Auflage},
  isbn      = {3446471707},
  location  = {München},
  note      = {Auf dem Umschlag: E-Book inklusive},
  pagetotal = {448},
  publisher = {Hanser},
  subtitle  = {Arbeiten mit NumPy, Matplotlib und Pandas},
  ppn_gvk   = {1845668294},
}

@Comment{jabref-meta: databaseType:biblatex;}
